@article{Mijumbi2016,
doi = {10.1109/comst.2015.2477041},
url = {https://doi.org/10.1109/comst.2015.2477041},
year  = {2016},
publisher = {Institute of Electrical and Electronics Engineers ({IEEE})},
volume = {18},
number = {1},
pages = {236--262},
author = {Rashid Mijumbi and Joan Serrat and Juan-Luis Gorricho and Niels Bouten and Filip De Turck and Raouf Boutaba},
title = {Network Function Virtualization: State-of-the-Art and Research Challenges},
journal = {{IEEE} Communications Surveys {\&} Tutorials}
}

@article{Eramo2016,
doi = {10.1155/2016/7139852},
url = {https://doi.org/10.1155/2016/7139852},
year  = {2016},
publisher = {Hindawi Limited},
volume = {2016},
pages = {1--12},
author = {V. Eramo and A. Tosti and E. Miucci},
title = {Server Resource Dimensioning and Routing of Service Function Chain in {NFV} Network Architectures},
journal = {Journal of Electrical and Computer Engineering}
}

@article{AbuLebdeh2017,
doi = {10.1109/tnsm.2017.2730199},
url = {https://doi.org/10.1109/tnsm.2017.2730199},
year  = {2017},
month = {dec},
publisher = {Institute of Electrical and Electronics Engineers ({IEEE})},
volume = {14},
number = {4},
pages = {875--889},
author = {Mohammad Abu-Lebdeh and Diala Naboulsi and Roch Glitho and Constant Wette Tchouati},
title = {On the Placement of {VNF} Managers in Large-Scale and Distributed {NFV} Systems},
journal = {{IEEE} Transactions on Network and Service Management}
}

@article{Ghaznavi2017,
doi = {10.1109/jsac.2017.2760178},
url = {https://doi.org/10.1109/jsac.2017.2760178},
year  = {2017},
month = {nov},
publisher = {Institute of Electrical and Electronics Engineers ({IEEE})},
volume = {35},
number = {11},
pages = {2479--2489},
author = {Milad Ghaznavi and Nashid Shahriar and Shahin Kamali and Reaz Ahmed and Raouf Boutaba},
title = {Distributed Service Function Chaining},
journal = {{IEEE} Journal on Selected Areas in Communications}
}

@article{Yu2017,
doi = {10.1109/jsac.2017.2760158},
url = {https://doi.org/10.1109/jsac.2017.2760158},
year  = {2017},
month = {nov},
publisher = {Institute of Electrical and Electronics Engineers ({IEEE})},
volume = {35},
number = {11},
pages = {2522--2531},
author = {Ruozhou Yu and Guoliang Xue and Xiang Zhang},
title = {{QoS}-Aware and Reliable Traffic Steering for Service Function Chaining in Mobile Networks},
journal = {{IEEE} Journal on Selected Areas in Communications}
}

@article{Huang2017,
doi = {10.1109/tcc.2017.2780165},
url = {https://doi.org/10.1109/tcc.2017.2780165},
year  = {2017},
publisher = {Institute of Electrical and Electronics Engineers ({IEEE})},
pages = {1--1},
author = {Huawei Huang and Peng Li and Song Guo and Weifa Liang and Kun Wang},
title = {Near-Optimal Deployment of Service Chains by Exploiting Correlations between Network Functions},
journal = {{IEEE} Transactions on Cloud Computing}
}

@article{Chen2017,
doi = {10.1109/tnsm.2017.2758328},
url = {https://doi.org/10.1109/tnsm.2017.2758328},
year  = {2017},
month = {dec},
publisher = {Institute of Electrical and Electronics Engineers ({IEEE})},
volume = {14},
number = {4},
pages = {991--1002},
author = {Yu-Jia Chen and Li-Chun Wang and Feng-Yi Lin and Bao-Shuh Paul Lin},
title = {Deterministic Quality of Service Guarantee for Dynamic Service Chaining in Software Defined Networking},
journal = {{IEEE} Transactions on Network and Service Management}
}

@article{Ma2017,
doi = {10.1109/tnsm.2017.2729506},
url = {https://doi.org/10.1109/tnsm.2017.2729506},
year  = {2017},
month = {sep},
publisher = {Institute of Electrical and Electronics Engineers ({IEEE})},
volume = {14},
number = {3},
pages = {528--542},
author = {Wenrui Ma and Jonathan Beltran and Zhenglin Pan and Deng Pan and Niki Pissinou},
title = {{SDN}-Based Traffic Aware Placement of {NFV} Middleboxes},
journal = {{IEEE} Transactions on Network and Service Management}
}

@article{Jang2017,
doi = {10.1109/jsac.2017.2760162},
url = {https://doi.org/10.1109/jsac.2017.2760162},
year  = {2017},
month = {nov},
publisher = {Institute of Electrical and Electronics Engineers ({IEEE})},
volume = {35},
number = {11},
pages = {2532--2541},
author = {Insun Jang and Dongeun Suh and Sangheon Pack and Gyorgy Dan},
title = {Joint Optimization of Service Function Placement and Flow Distribution for Service Function Chaining},
journal = {{IEEE} Journal on Selected Areas in Communications}
}

@article{Eramo2017,
doi = {10.1109/tnet.2017.2668470},
url = {https://doi.org/10.1109/tnet.2017.2668470},
year  = {2017},
month = {aug},
publisher = {Institute of Electrical and Electronics Engineers ({IEEE})},
volume = {25},
number = {4},
pages = {2008--2025},
author = {Vincenzo Eramo and Emanuele Miucci and Mostafa Ammar and Francesco Giacinto Lavacca},
title = {An Approach for Service Function Chain Routing and Virtual Function Network Instance Migration in Network Function Virtualization Architectures},
journal = {{IEEE}/{ACM} Transactions on Networking}
}

@inproceedings{Pham2017,
doi = {10.1109/icc.2017.7996511},
url = {https://doi.org/10.1109/icc.2017.7996511},
year  = {2017},
month = {may},
publisher = {{IEEE}},
author = {Tuan-Minh Pham and Thi-Thuy-Lien Nguyen and Serge Fdida and Huynh Thi Thanh Binh},
title = {Online load balancing for Network Functions Virtualization},
booktitle = {2017 {IEEE} International Conference on Communications ({ICC})}
}

@inproceedings{Bari2015,
doi = {10.1109/cnsm.2015.7367338},
url = {https://doi.org/10.1109/cnsm.2015.7367338},
year = {2015},
month = nov,
publisher = {{IEEE}},
author = {Md. Faizul Bari and Shihabur Rahman Chowdhury and Reaz Ahmed and Raouf Boutaba},
title = {On orchestrating virtual network functions},
booktitle = {2015 11th International Conference on Network and Service Management ({CNSM})}
}

@techreport{ETSI-MAN,
title        = {ETSI GS NFV-MAN 001 V1.1.1: Network Function Virtualization (NFV): Management and Orchestration},
organization = {ETSI Industry Specification Group (ISG) NFV},
year         = {2014},
month        = {december},
url          = {http://www.etsi.org/deliver/etsi_gs/NFV-MAN/001_099/001/01.01.01_60/gs_NFV-MAN001v010101p.pdf}
}

@online{RoadToMSc,
author = {Parham Alvani},
title = {The Road To Master of Science Degree},
year = {2019},
url = {https://github.com/roadtomsc},
urldate = {2019-09-13}
}

@inproceedings{AbuLebdeh20172,
  doi = {10.1109/nca.2017.8171391},
  url = {https://doi.org/10.1109/nca.2017.8171391},
  year = {2017},
  month = oct,
  publisher = {{IEEE}},
  author = {Mohammad Abu-Lebdeh and Diala Naboulsi and Roch Glitho and Constant Wette Tchouati},
  title = {{NFV} orchestrator placement for geo-distributed systems},
  booktitle = {2017 {IEEE} 16th International Symposium on Network Computing and Applications ({NCA})}
}

@inproceedings{Chiang2019,
  doi = {10.23919/apnoms.2019.8893005},
  url = {https://doi.org/10.23919/apnoms.2019.8893005},
  year = {2019},
  month = sep,
  publisher = {{IEEE}},
  author = {Mao-Jung Chiang and Li-Hsing Yen},
  title = {Distributed Approach to Adaptive {VNF} Manager Placement Problem},
  booktitle = {2019 20th Asia-Pacific Network Operations and Management Symposium ({APNOMS})}
}

@article{GilHerrera2016,
  doi = {10.1109/tnsm.2016.2598420},
  url = {https://doi.org/10.1109/tnsm.2016.2598420},
  year = {2016},
  month = sep,
  publisher = {Institute of Electrical and Electronics Engineers ({IEEE})},
  volume = {13},
  number = {3},
  pages = {518--532},
  author = {Juliver Gil Herrera and Juan Felipe Botero},
  title = {Resource Allocation in {NFV}: A Comprehensive Survey},
  journal = {{IEEE} Transactions on Network and Service Management}
}

@article{Laghrissi2019,
  doi = {10.1109/comst.2018.2884835},
  url = {https://doi.org/10.1109/comst.2018.2884835},
  year = {2019},
  publisher = {Institute of Electrical and Electronics Engineers ({IEEE})},
  volume = {21},
  number = {2},
  pages = {1409--1434},
  author = {Abdelquoddouss Laghrissi and Tarik Taleb},
  title = {A Survey on the Placement of Virtual Resources and Virtual Network Functions},
  journal = {{IEEE} Communications Surveys {\&} Tutorials}
}

@article{Bhamare2016,
  doi = {10.1016/j.jnca.2016.09.001},
  url = {https://doi.org/10.1016/j.jnca.2016.09.001},
  year = {2016},
  month = nov,
  publisher = {Elsevier {BV}},
  volume = {75},
  pages = {138--155},
  author = {Deval Bhamare and Raj Jain and Mohammed Samaka and Aiman Erbad},
  title = {A survey on service function chaining},
  journal = {Journal of Network and Computer Applications}
}

@misc{1608.00095,
Author = {Yanghao Xie and Zhixiang Liu and Sheng Wang and Yuxiu Wang},
Title = {Service Function Chaining Resource Allocation: A Survey},
Year = {2016},
Eprint = {arXiv:1608.00095},
}

@article{Bouet2015,
  doi = {10.1002/nem.1920},
  url = {https://doi.org/10.1002/nem.1920},
  year = {2015},
  month = nov,
  publisher = {Wiley},
  volume = {25},
  number = {6},
  pages = {490--506},
  author = {Mathieu Bouet and J{\'{e}}r{\'{e}}mie Leguay and Th{\'{e}}o Combe and Vania Conan},
  title = {Cost-based placement of {vDPI} functions in {NFV} infrastructures},
  journal = {International Journal of Network Management}
}

@article{Eramo20172,
  doi = {10.1109/access.2017.2685437},
  url = {https://doi.org/10.1109/access.2017.2685437},
  year = {2017},
  publisher = {Institute of Electrical and Electronics Engineers ({IEEE})},
  volume = {5},
  pages = {4927--4938},
  author = {Vincenzo Eramo and Mostafa Ammar and Francesco Giacinto Lavacca},
  title = {Migration Energy Aware Reconfigurations of Virtual Network Function Instances in {NFV} Architectures},
  journal = {{IEEE} Access}
}

@article{Farkiani2019,
  doi = {10.1109/tnsm.2019.2944023},
  url = {https://doi.org/10.1109/tnsm.2019.2944023},
  year = {2019},
  month = dec,
  publisher = {Institute of Electrical and Electronics Engineers ({IEEE})},
  volume = {16},
  number = {4},
  pages = {1360--1373},
  author = {Behrooz Farkiani and Bahador Bakhshi and S. A. MirHassani},
  title = {A Fast Near-Optimal Approach for Energy-Aware {SFC} Deployment},
  journal = {{IEEE} Transactions on Network and Service Management}
}

@article{TahmasbiNejad2018,
  doi = {10.1109/jsac.2018.2815318},
  url = {https://doi.org/10.1109/jsac.2018.2815318},
  year = {2018},
  month = mar,
  publisher = {Institute of Electrical and Electronics Engineers ({IEEE})},
  volume = {36},
  number = {3},
  pages = {542--557},
  author = {Mohammad Ali Tahmasbi Nejad and Saeedeh Parsaeefard and Mohammad Ali Maddah-Ali and Toktam Mahmoodi and Babak Hossein Khalaj},
  title = {{vSPACE}: {VNF} Simultaneous Placement,  Admission Control and Embedding},
  journal = {{IEEE} Journal on Selected Areas in Communications}
}

@article{Pham2020,
  doi = {10.1109/tsc.2017.2671867},
  url = {https://doi.org/10.1109/tsc.2017.2671867},
  year = {2020},
  month = jan,
  publisher = {Institute of Electrical and Electronics Engineers ({IEEE})},
  volume = {13},
  number = {1},
  pages = {172--185},
  author = {Chuan Pham and Nguyen H. Tran and Shaolei Ren and Walid Saad and Choong Seon Hong},
  title = {Traffic-Aware and Energy-Efficient {vNF} Placement for Service Chaining: Joint Sampling and Matching Approach},
  journal = {{IEEE} Transactions on Services Computing}
}

@article{Huang2019,
  doi = {10.1109/tcc.2019.2915835},
  url = {https://doi.org/10.1109/tcc.2019.2915835},
  year = {2019},
  publisher = {Institute of Electrical and Electronics Engineers ({IEEE})},
  pages = {1--1},
  author = {Meitian Huang and Weifa Liang and Yu Ma and Song Guo},
  title = {Maximizing Throughput of Delay-Sensitive {NFV}-Enabled Request Admissions via Virtualized Network Function Placement},
  journal = {{IEEE} Transactions on Cloud Computing}
}

@article{Luo2020,
  doi = {10.1109/tnet.2020.2979263},
  url = {https://doi.org/10.1109/tnet.2020.2979263},
  year = {2020},
  month = jun,
  publisher = {Institute of Electrical and Electronics Engineers ({IEEE})},
  volume = {28},
  number = {3},
  pages = {1061--1073},
  author = {Ziyue Luo and Chuan Wu},
  title = {An Online Algorithm for {VNF} Service Chain Scaling in Datacenters},
  journal = {{IEEE}/{ACM} Transactions on Networking}
}

@inproceedings{Yaghoubpour2019,
  doi = {10.1109/iraniancee.2019.8786444},
  url = {https://doi.org/10.1109/iraniancee.2019.8786444},
  year = {2019},
  month = apr,
  publisher = {{IEEE}},
  author = {Fatemeh Yaghoubpour and Bahador Bakhshi},
  title = {Optimal Delay-Aware Service Function Chaining in {NFV}},
  booktitle = {2019 27th Iranian Conference on Electrical Engineering ({ICEE})}
}

@inproceedings{Torkamandi2019,
  doi = {10.1109/iraniancee.2019.8786672},
  url = {https://doi.org/10.1109/iraniancee.2019.8786672},
  year = {2019},
  month = apr,
  publisher = {{IEEE}},
  author = {Pegah Torkamandi and Siavash Khorsandi and Bahador Bakhshi},
  title = {Availability Aware {SFC} Embedding in {NFV}: A Clustering Approach},
  booktitle = {2019 27th Iranian Conference on Electrical Engineering ({ICEE})}
}

@article{Zheng2020,
  doi = {10.1109/tcc.2020.2970403},
  url = {https://doi.org/10.1109/tcc.2020.2970403},
  year = {2020},
  publisher = {Institute of Electrical and Electronics Engineers ({IEEE})},
  pages = {1--1},
  author = {Kuangyu Zheng and Xiaorui Wang and Jia Liu},
  title = {Distributed Traffic Flow Consolidation for Power Efficiency of Large-scale Data Center Network},
  journal = {{IEEE} Transactions on Cloud Computing}
}

@inproceedings{Khezri2019,
  doi = {10.1109/globecom38437.2019.9013214},
  url = {https://doi.org/10.1109/globecom38437.2019.9013214},
  year = {2019},
  month = dec,
  publisher = {{IEEE}},
  author = {Hamed Rahmani Khezri and Puria Azadi Moghadam and Mohammad Karimzadeh Farshbafan and Vahid Shah-Mansouri and Hamed Kebriaei and Dusit Niyato},
  title = {Deep Reinforcement Learning for Dynamic Reliability Aware {NFV}-Based Service Provisioning},
  booktitle = {2019 {IEEE} Global Communications Conference ({GLOBECOM})}
}

@article{Liu2017,
  doi = {10.1109/tnsm.2017.2711610},
  url = {https://doi.org/10.1109/tnsm.2017.2711610},
  year = {2017},
  month = sep,
  publisher = {Institute of Electrical and Electronics Engineers ({IEEE})},
  volume = {14},
  number = {3},
  pages = {543--553},
  author = {Junjie Liu and Wei Lu and Fen Zhou and Ping Lu and Zuqing Zhu},
  title = {On Dynamic Service Function Chain Deployment and Readjustment},
  journal = {{IEEE} Transactions on Network and Service Management}
}

@article{1709.04772,
Author = {Abhishek Gupta and Brigitte Jaumard and Massimo Tornatore and Biswanath Mukherjee},
Title = {A Scalable Approach for Service Chain (SC) Mapping with Multiple SC Instances in a Wide-Area Network},
Year = {2017},
Eprint = {arXiv:1709.04772},
Doi = {10.1109/JSAC.2018.2815298},
}

@article{Qu2020,
  doi = {10.1109/tcomm.2020.2968907},
  url = {https://doi.org/10.1109/tcomm.2020.2968907},
  year = {2020},
  month = apr,
  publisher = {Institute of Electrical and Electronics Engineers ({IEEE})},
  volume = {68},
  number = {4},
  pages = {2394--2408},
  author = {Kaige Qu and Weihua Zhuang and Qiang Ye and Xuemin Shen and Xu Li and Jaya Rao},
  title = {Dynamic Flow Migration for Embedded Services in {SDN}/{NFV}-Enabled 5G Core Networks},
  journal = {{IEEE} Transactions on Communications}
}

@article{Alhussein2020,
  doi = {10.1109/jsac.2020.2986612},
  url = {https://doi.org/10.1109/jsac.2020.2986612},
  year = {2020},
  month = jun,
  publisher = {Institute of Electrical and Electronics Engineers ({IEEE})},
  volume = {38},
  number = {6},
  pages = {1089--1101},
  author = {Omar Alhussein and Weihua Zhuang},
  title = {Robust Online Composition,  Routing and {NF} Placement for {NFV}-Enabled Services},
  journal = {{IEEE} Journal on Selected Areas in Communications}
}